<?xml version="1.0" encoding="UTF-8"?>
<record xmlns="http://www.loc.gov/MARC21/slim"
        xmlns:oclcterms="http://purl.org/oclc/terms/"
        xmlns:dc="http://purl.org/dc/elements/1.1/"
        xmlns:diag="http://www.loc.gov/zing/srw/diagnostic/"
        xmlns:xsi="http://www.w3.org/2001/XMLSchema-instance">
   <leader>00000cam a2200000Ia 4500</leader>
   <controlfield tag="001">34901258</controlfield>
   <controlfield tag="008">960610s1995 dcu b f000 0 eng </controlfield>
   <datafield ind1=" " ind2=" " tag="040">
      <subfield code="a">AGL</subfield>
      <subfield code="b">eng</subfield>
      <subfield code="c">AGL</subfield>
      <subfield code="d">OCLCQ</subfield>
      <subfield code="d">OCLCO</subfield>
      <subfield code="d">OCLCA</subfield>
      <subfield code="d">OCLCF</subfield>
      <subfield code="d">OCLCQ</subfield>
      <subfield code="d">OCLCO</subfield>
   </datafield>
   <datafield ind1=" " ind2=" " tag="043">
      <subfield code="a">n-us---</subfield>
   </datafield>
   <datafield ind1="0" ind2=" " tag="070">
      <subfield code="a">aHN49.C6B97</subfield>
      <subfield code="b">1995</subfield>
   </datafield>
   <datafield ind1=" " ind2="0" tag="072">
      <subfield code="a">E550</subfield>
   </datafield>
   <datafield ind1="0" ind2="0" tag="245">
      <subfield code="a">Business assistance and rural development.</subfield>
   </datafield>
   <datafield ind1=" " ind2=" " tag="260">
      <subfield code="a">[Washington, D.C.] :</subfield>
      <subfield code="b">U.S. Dept. of Agriculture, Economic Research Service, Rural Economy
              Division,</subfield>
      <subfield code="c">[1995]</subfield>
   </datafield>
   <datafield ind1=" " ind2=" " tag="300">
      <subfield code="a">v, 114 pages ;</subfield>
      <subfield code="c">23 cm.</subfield>
   </datafield>
   <datafield ind1=" " ind2=" " tag="336">
      <subfield code="a">text</subfield>
      <subfield code="b">txt</subfield>
      <subfield code="2">rdacontent</subfield>
   </datafield>
   <datafield ind1=" " ind2=" " tag="337">
      <subfield code="a">unmediated</subfield>
      <subfield code="b">n</subfield>
      <subfield code="2">rdamedia</subfield>
   </datafield>
   <datafield ind1=" " ind2=" " tag="338">
      <subfield code="a">volume</subfield>
      <subfield code="b">nc</subfield>
      <subfield code="2">rdacarrier</subfield>
   </datafield>
   <datafield ind1="1" ind2=" " tag="490">
      <subfield code="a">Staff paper ;</subfield>
      <subfield code="v">AGES no. 9519</subfield>
   </datafield>
   <datafield ind1=" " ind2=" " tag="500">
      <subfield code="a">Cover title.</subfield>
   </datafield>
   <datafield ind1=" " ind2=" " tag="500">
      <subfield code="a">"September 1995"--Page [i].</subfield>
   </datafield>
   <datafield ind1=" " ind2=" " tag="504">
      <subfield code="a">Includes bibliographical references.</subfield>
   </datafield>
   <datafield ind1=" " ind2="0" tag="650">
      <subfield code="a">Rural development</subfield>
      <subfield code="z">United States.</subfield>
   </datafield>
   <datafield ind1=" " ind2="0" tag="650">
      <subfield code="a">Economic development</subfield>
      <subfield code="z">United States.</subfield>
   </datafield>
   <datafield ind1=" " ind2="7" tag="650">
      <subfield code="a">Economic development.</subfield>
      <subfield code="2">fast</subfield>
      <subfield code="0">(OCoLC)fst00901785</subfield>
   </datafield>
   <datafield ind1=" " ind2="7" tag="650">
      <subfield code="a">Rural development.</subfield>
      <subfield code="2">fast</subfield>
      <subfield code="0">(OCoLC)fst01101498</subfield>
   </datafield>
   <datafield ind1=" " ind2="7" tag="651">
      <subfield code="a">United States.</subfield>
      <subfield code="2">fast</subfield>
      <subfield code="0">(OCoLC)fst01204155</subfield>
   </datafield>
   <datafield ind1="1" ind2=" " tag="710">
      <subfield code="a">United States.</subfield>
      <subfield code="b">Department of Agriculture.</subfield>
      <subfield code="b">Economic Research Service.</subfield>
      <subfield code="b">Rural Economy Division.</subfield>
   </datafield>
   <datafield ind1=" " ind2="0" tag="830">
      <subfield code="a">ERS staff report ;</subfield>
      <subfield code="v">AGES no. 9519.</subfield>
   </datafield>
</record>
